@article {
	interactiveTrafficSimulation,
	author = "Martin Treiber and Arne Kesting",
	title = "Interactive Traffic Simulation Microscopic Open-Source Simulation Software in Javascript",
	URL = "www.traffic-simulation.de",
	year = "2017"
}

@masterthesis {
	rachelThesis,
	author = "Rachel M. Malinauskas",
	title = "The Intelligent Driver Model: Analysis and Application To Adaptive Cruise Control",
	school = "Clemson University",
	year = "2014"
}

@article {
	stepan,
	author = "Gabor Orosz, R. Eddie Wilson and Gabor Stepan",
	title = "Traffic jams: dynamics and control",
	journal = "The Royal Society",
	year = "2010",
	DOI = "10.1098/rsta.2010.0205"
}

@article {
	arne1,
	author = "Arne Kesting, Martin Treiber and Dirk Helbing",
	title = "Enhanced intelligent driver model to access the impact of driving strategies on traffic capacity",
	journal = "The Royal Society",
	year = "2010",
	DOI = "10.1098/rsta.2010.0084"
}

@article {
	arne2,
	author = "Arne Kesting, Martin Treiber and Dirk Helbing",
	title = "General Lane-Changing Model MOBIL for Car-Following Models",
	journal = "Journal of the Transportation Research Board",
	year = "1999",
	DOI = "10.3141/1999-10"
}

@article {
	hajar3,
	author = "Hajar Lazar, Khadija Rhoulami and Driss Rahmani",
	title = "A Review Analysis of Optimal Velocity Models",
	journal = "Periodica Polytechnica",
	year = "2016",
	DOI = "10.3311/PPtr.8753"
}

@article {
	modified,
	author = "Oussama Derbel, Tamaas Peter, Hossni Zebiri, Benjamin Mourllion and Michel Basset",
	title = "Modified Intelligent Driver Model",
	journal = "Periodica Polytechnica",
	year = "2012",
	DOI = "10.3311/pp.tr.2012-2.02"
}

@manual{
	matlab,
	address = "Natick, Massachusetts",
	organization = "The Mathworks, Inc.",
	title = "R2019a",
	year = "2019"
}

@article{
	opensource,
	title = "An Open-Source Microscopic Traffic Simulator",
	author = "Martin Treiber and Arne Kesting",
	year = "2010",
	URL = "www.traffic-simulation.de",
}
